<record><leader>00000cas a22000007a 4500</leader><controlfield tag="001">16059021</controlfield><controlfield tag="008">870623d19861990inuwr ne      0    0eng d</controlfield><datafield ind1=" " ind2=" " tag="010"><subfield code="a">sn 87056133 </subfield></datafield><datafield ind1=" " ind2=" " tag="040"><subfield code="a">NPI</subfield><subfield code="b">eng</subfield><subfield code="c">NPI</subfield><subfield code="d">OCLCQ</subfield></datafield><datafield ind1=" " ind2=" " tag="042"><subfield code="a">msc</subfield></datafield><datafield ind1="0" ind2="0" tag="245"><subfield code="a">Speedway-Northwest press.</subfield></datafield><datafield ind1=" " ind2=" " tag="260"><subfield code="a">Indianapolis, IN :</subfield><subfield code="b">[s.n.]</subfield></datafield><datafield ind1=" " ind2=" " tag="300"><subfield code="a">5 v.</subfield></datafield><datafield ind1=" " ind2=" " tag="310"><subfield code="a">Weekly</subfield></datafield><datafield ind1=" " ind2=" " tag="588"><subfield code="a">Description based on: No. 49 (Dec. 3, 1986).</subfield></datafield><datafield ind1=" " ind2=" " tag="752"><subfield code="a">United States</subfield><subfield code="b">Indiana</subfield><subfield code="c">Marion</subfield><subfield code="d">Indianapolis.</subfield></datafield><datafield ind1=" " ind2=" " tag="752"><subfield code="a">United States</subfield><subfield code="b">Indiana</subfield><subfield code="c">Marion</subfield><subfield code="d">Speedway.</subfield></datafield><datafield ind1="0" ind2="0" tag="780"><subfield code="t">Speedway-Northwest suburban press</subfield><subfield code="w">(DLC)sn 87056132</subfield></datafield><datafield ind1="0" ind2="0" tag="785"><subfield code="t">Northwest press (Indianapolis, Ind. : 1990)</subfield><subfield code="w">(DLC)sn 90099367</subfield></datafield></record>